<record><leader>00000cas a22000007a 4500</leader><controlfield tag="001">20257825</controlfield><controlfield tag="008">890825d19371957mouwr ne      0    0eng d</controlfield><datafield ind1=" " ind2=" " tag="010"><subfield code="a">sn 89066756 </subfield></datafield><datafield ind1=" " ind2=" " tag="040"><subfield code="a">MQN</subfield><subfield code="b">eng</subfield><subfield code="c">MQN</subfield><subfield code="d">OCLCQ</subfield></datafield><datafield ind1=" " ind2=" " tag="042"><subfield code="a">msc</subfield></datafield><datafield ind1="0" ind2="0" tag="245"><subfield code="a">St. Charles weekly cosmos-monitor.</subfield></datafield><datafield ind1="3" ind2="0" tag="246"><subfield code="a">Saint Charles weekly cosmos-monitor</subfield></datafield><datafield ind1=" " ind2=" " tag="260"><subfield code="a">St. Charles, Mo. :</subfield><subfield code="b">St. Charles Pub. Co.,</subfield><subfield code="c">1937-</subfield></datafield><datafield ind1=" " ind2=" " tag="300"><subfield code="a">v.</subfield></datafield><datafield ind1=" " ind2=" " tag="310"><subfield code="a">Weekly</subfield></datafield><datafield ind1="0" ind2=" " tag="362"><subfield code="a">Vol. 102, no. 3 (Jan. 20, 1937)-</subfield></datafield><datafield ind1="1" ind2=" " tag="362"><subfield code="a">Ceased in 1957?</subfield></datafield><datafield ind1=" " ind2=" " tag="752"><subfield code="a">United States</subfield><subfield code="b">Missouri</subfield><subfield code="c">Saint Charles</subfield><subfield code="d">Saint Charles.</subfield></datafield><datafield ind1="0" ind2=" " tag="775"><subfield code="t">Daily cosmos-monitor</subfield><subfield code="w">(DLC)sn 89066760</subfield></datafield><datafield ind1="0" ind2="0" tag="780"><subfield code="t">St. Charles cosmos-monitor</subfield><subfield code="w">(DLC)sn 89066755</subfield></datafield></record>